<?xml version="1.0" encoding="UTF-8"?><collection xmlns="http://www.loc.gov/MARC21/slim"><record><leader>00552nam--2200193-i-4500</leader><controlfield tag="001">000044621</controlfield><controlfield tag="002">20161230</controlfield><controlfield tag="005">20161230201044</controlfield><controlfield tag="008">060222s1000------------r-----000-0-ger-d</controlfield><datafield ind1=" " ind2=" " tag="040"><subfield code="a">IFIN-HH</subfield></datafield><datafield ind1=" " ind2=" " tag="041"><subfield code="a">ger</subfield></datafield><datafield ind1=" " ind2=" " tag="080"><subfield code="a">539.1.074</subfield></datafield><datafield ind1="1" ind2=" " tag="100"><subfield code="a">Allkofer, Otto Claus</subfield></datafield><datafield ind1="1" ind2="0" tag="245"><subfield code="a">Teilchen-detektoren. particle detectors</subfield><subfield code="b">Thiemig-taschenbucher band 41</subfield><subfield code="c">Otto claus allkofer</subfield></datafield><datafield ind1=" " ind2=" " tag="260"><subfield code="a">Munchen,</subfield><subfield code="b">Verlag Karl Thiemig Kg</subfield><subfield code="c">1971</subfield></datafield><datafield ind1=" " ind2=" " tag="300"><subfield code="a">244P</subfield></datafield><datafield ind1=" " ind2=" " tag="490"><subfield code="a">Thiemig-taschenbucher</subfield><subfield code="v">Band 41</subfield></datafield><datafield ind1=" " ind2=" " tag="852"><subfield code="a">19423</subfield><subfield code="c">539</subfield></datafield><datafield ind1=" " ind2=" " tag="CAT"><subfield code="a">Sys</subfield><subfield code="c">20110929</subfield><subfield code="h">093844</subfield></datafield></record></collection>